@misc{codecs,
   author       = {Nadeem Unuth},
   title        = {{Most Common VoIP Codecs}},
   month        = apr,
   year         = {2017},
   howpublished = {\url{https://www.lifewire.com/voip-codecs-3426728}},
   organization = "Lifewire",
   note         = {Accessed: 2017-06-17}
}
@misc{voicespeed,
   author       = {{National Center for Voice and Speech}},
   title        = {{Voice Qualities}},
   howpublished = {\url{http://www.ncvs.org/ncvs/tutorials/voiceprod/tutorial/quality.html}},
   organization = "National Center for Voice and Speech",
   note         = {Accessed: 2017-06-17}
}
@misc{voip,
   author       = {Gary Audin},
   title        = {{An introduction to bandwidth for VoIP}},
   month        = jan,
   year         = {2007},
   howpublished = {\url{http://searchunifiedcommunications.techtarget.com/tip/Whats-in-a-VoIP-packet-An-introduction-to-bandwidth-for-VoIP}},
   organization = "Delphi Inc.",
   note         = {Accessed: 2017-06-17}
}

@misc{spec,
   author       = {Sree Harsha Totakura and Lukas Schwaighofer and Georg Carle},
   title        = {{Project Specification (P2PSEC SoSe 2017) -- Version: 2017-2.0}},
   month        = jun,
   year         = {2017},
   organization = "Chair of Network Architectures and Services, Technische Universität München",
   note         = {Accessed: 2017-06-18}
}

@inproceedings{torpaper,
   author         = {Dingledine, Roger and Mathewson, Nick and Syverson, Paul},
   title          = {{Tor: The Second-generation Onion Router}},
   booktitle      = {Proceedings of the 13th Conference on USENIX Security Symposium - Volume 13},
   series         = {SSYM'04},
   year           = {2004},
   location       = {San Diego, CA},
   pages          = {21--21},
   numpages       = {1},
   acmid          = {1251396},
   publisher      = {USENIX Association},
   address        = {Berkeley, CA, USA},
}

